@software{synphot,
  author       = {Pey Lian Lim},
  title        = {synphot},
  month        = aug,
  year         = 2020,
  publisher    = {Zenodo},
  version      = {1.0.1},
  doi          = {10.5281/zenodo.3971036},
  url          = {https://doi.org/10.5281/zenodo.3971036}
}

@inproceedings{scopesim,
author = {K. Leschinski and H. Buddelmeijer and O. Czoske and M. Verdugo and G. Verdoes-Kleijn and W. Zeilinger},
title = {{ScopeSim: a flexible general purpose astronomical instrument data simulation framework in Python}},
volume = {11452},
booktitle = {Software and Cyberinfrastructure for Astronomy VI},
editor = {Juan C. Guzman and Jorge Ibsen},
organization = {International Society for Optics and Photonics},
publisher = {SPIE},
pages = {114521Z},
keywords = {Simulation, Instrumentation, Modelling, Instrument data simulator, Python, ELT},
year = {2020},
doi = {10.1117/12.2559784},
URL = {https://doi.org/10.1117/12.2559784}
}
@inproceedings{Spectro_MICADO,
author = {R. Davies and J. Alves and Y. Cl{\'e}net and F. Lang-Bardl and H. Nicklas and J.-U. Pott and R. Ragazzoni and E. Tolstoy and P. Amico and H. Anwand-Heerwart and S. Barboza and L. Barl and P. Baudoz and R. Bender and N. Bezawada and P. Bizenberger and W. Boland and P. Bonifacio and B. Borgo and T. Buey and F. Chapron and F. Chemla and M. Cohen and O. Czoske and V. D{\'e}o and K. Disseau and S. Dreizler and O. Dupuis and M. Fabricius and R. Falomo and P. Fedou and N. F{\"o}rster Schreiber and V. Garrel and N. Geis and H. Gemperlein and E. Gendron and R. Genzel and S. Gillessen and M. Gl{\"u}ck and F. Grupp and M. Hartl and M. H{\"a}user and H.-J. Hess and R. Hofferbert and U. Hopp and V. H{\"o}rmann and Z. Hubert and E. Huby and J.-M. Huet and V. Hutterer and D. Ives and A. Janssen and W. Jellema and W. Kausch and F. Kerber and H. Kravcar and B. Le Ruyet and K. Leschinski and C. Mandla and M. Manhart and D. Massari and S. Mei and F. Merlin and L. Mohr and A. Monna and N. Muench and F. M{\"u}ller and G. Musters and R. Navarro and U. Neumann and N. Neumayer and J. Niebsch and M. Plattner and N. Przybilla and S. Rabien and R. Ramlau and J. Ramos and S. Ramsay and P. Rhode and A. Richter and J. Richter and H.-W. Rix and G. Rodeghiero and R.-R. Rohloff and M. Rosensteiner and G. Rousset and J. Schlichter and J. Schubert and A. Sevin and R. Stuik and E. Sturm and J. Thomas and N. Tromp and G. Verdoes-Kleijn and F. Vidal and R. Wagner and M. Wegner and W. Zeilinger and J. Ziegleder and B. Ziegler and G. Zins},
title = {{The MICADO first light imager for the ELT: overview, operation, simulation}},
volume = {10702},
booktitle = {Ground-based and Airborne Instrumentation for Astronomy VII},
editor = {Christopher J. Evans and Luc Simard and Hideki Takami},
organization = {International Society for Optics and Photonics},
publisher = {SPIE},
pages = {107021S},
keywords = {adaptive optics, near-infrared, cryogenic, astrometry, high contrast imaging, imaging, ELT, spectroscopy},
year = {2018},
doi = {10.1117/12.2311483},
URL = {https://doi.org/10.1117/12.2311483}
}
@inproceedings{ref_technique_MICADO,
author = {Richard Davies and N. Ageorges and L. Barl and L. R. Bedin and R. Bender and P. Bernardi and F. Chapron and Y. Clenet and A. Deep and E. Deul and M. Drost and F. Eisenhauer and R. Falomo and G. Fiorentino and N. M. F{\"o}rster Schreiber and E. Gendron and R. Genzel and D. Gratadour and L. Greggio and F. Grupp and E. Held and T. Herbst and H.-J. Hess and Z. Hubert and K. Jahnke and K. Kuijken and D. Lutz and D. Magrin and B. Muschielok and R. Navarro and E. Noyola and T. Paumard and G. Piotto and R. Ragazzoni and A. Renzini and G. Rousset and H.-W. Rix and R. Saglia and L. Tacconi and M. Thiel and E. Tolstoy and S. Trippe and N. Tromp and E. A. Valentijn and G. Verdoes Kleijn and M. Wegner},
title = {{MICADO: the E-ELT adaptive optics imaging camera}},
volume = {7735},
booktitle = {Ground-based and Airborne Instrumentation for Astronomy III},
editor = {Ian S. McLean and Suzanne K. Ramsay and Hideki Takami},
organization = {International Society for Optics and Photonics},
publisher = {SPIE},
pages = {77352A},
keywords = {Adaptive Optics, LGS, MCAO, Imaging, Science Drivers, Astrometry, Photometry, ELT},
year = {2010},
doi = {10.1117/12.856379},
URL = {https://doi.org/10.1117/12.856379}
}
@phdthesis{these_merlin,
  TITLE = {{Etude des processus physiques qui gouvernent l'{\'e}volution des petits corps glac{\'e}s du syst{\`e}me solaire}},
  AUTHOR = {Merlin, Fr{\'e}d{\'e}ric},
  URL = {https://hal.science/tel-02071424},
  SCHOOL = {{Observatoire de Paris}},
  YEAR = {2007},
  MONTH = Sep,
  KEYWORDS = {astronomy ; Kuiper ; Ceinture de ; Photom{\'e}trie astronomique ; Spectroscopie astronomique ; Plan{\'e}tologie},
  TYPE = {Theses},
  PDF = {https://hal.science/tel-02071424/file/OBSPM_8448.pdf},
  HAL_ID = {tel-02071424},
  HAL_VERSION = {v1},
}

@INPROCEEDINGS{carac_tech_et_prez,
       author = {{Cl{\'e}net}, Y. and {Baudoz}, P. and {Davies}, R. and {Tolstoy}, E. and {Leschinski}, K.},
        title = "{MICADO, the ELT first-light imager}",
     keywords = {MICADO, ELT, SCAO, MCAO, observing modes, science cases},
    booktitle = {SF2A-2019: Proceedings of the Annual meeting of the French Society of Astronomy and Astrophysics},
         year = 2019,
       editor = {{Di Matteo}, P. and {Creevey}, O. and {Crida}, A. and {Kordopatis}, G. and {Malzac}, J. and {Marquette}, J. -B. and {N'Diaye}, M. and {Venot}, O.},
        month = dec,
        pages = {Di},
       adsurl = {https://ui.adsabs.harvard.edu/abs/2019sf2a.conf..209C},
      adsnote = {Provided by the SAO/NASA Astrophysics Data System}
}
@article{Emery2024,
	author = {{Souza-Feliciano, A. C.} and {Holler, B. J.} and {Pinilla-Alonso, N.} and {De Prá, M.} and {Brunetto, R.} and {Müller, T.} and {Stansberry, J.} and {Licandro, J.} and {Emery, J. P.} and {Henault, E.} and {Guilbert-Lepoutre, A.} and {Pendleton, Y.} and {Cruikshank, D.} and {Schambeau, C.} and {Bannister, M.} and {Peixinho, N.} and {McClure, L.} and {Harvison, B.} and {Lorenzi, V.}},
	title = {Spectroscopy of the binary TNO Mors–Somnus with the JWST and its relationship to the cold classical and plutino subpopulations observed in the DiSCo-TNO project},
	DOI= "10.1051/0004-6361/202348222",
	url= "https://doi.org/10.1051/0004-6361/202348222",
	journal = {A&A},
	year = 2024,
	volume = 681,
	pages = "L17",
}

@techreport{SNR,
  title={E-ELT Imaging ETC: Detailed Description},
  author={Liske, Jochen},
  year={2008},
  institution={Technical Report}
}